@standard{DIN.2008,
    author      = {Deutsches Institut für Normung},
    title       = {Ergonomie der Mensch-System-Interaktion - Teil 151: Leitlinien zur Gestaltung von Benutzungsschnittstellen für das World Wide Web},
    year        = {2008},
    month       = {9},
    number      = {DIN EN ISO 9241-151:2008-09},
    address     = {Berlin},
    shorthand   = {DIN08},
}

@book{Fowler.2006,
    author      = {Martin Fowler},
    title       = {Continuous Integration},
    publisher   = {Martin Fowler},
    year        = {2006},
    address     = {O.O.},
}

@online{GitLab.2025,
    author  = {GitLab Inc.},
    title   = {About GitLab},
    year    = {2025},
    url     = {https://about.gitlab.com/},
    note    = {19.03.25},
    address = {San Francisco},
}